
@incollection{bontemps1996evolution,
	title={Evolution of outflow activity around low mass embedded young stellar objects},
	author={Bontemps, S and Andr{\'e}, Ph and Terebey, S and Cabrit, S},
	booktitle={Disks and Outflows Around Young Stars},
	pages={270--275},
	year={1996},
	publisher={Springer}
}
@article{kang2013outflow,
	title={Outflow properties of DIGIT embedded sources},
	author={Kang, Seonmi and Lee, Jeong-Eun and Choi, Minho and Evans, Neal},
	journal={한국천문학회보},
	volume={38},
	number={1},
	pages={51--51},
	year={2013}
}
@article{megeath2012spitzer,
	title={The spitzer space telescope survey of the Orion A and B molecular clouds. I. A census of dusty young stellar objects and a study of their mid-infrared variability},
	author={Megeath, ST and Gutermuth, R and Muzerolle, J and Kryukova, E and Flaherty, K and Hora, JL and Allen, LE and Hartmann, L and Myers, PC and Pipher, JL and others},
	journal={The Astronomical Journal},
	volume={144},
	number={6},
	pages={192},
	year={2012},
	publisher={IOP Publishing}
}
@article{furlan2016herschel,
	title={The Herschel Orion protostar survey: spectral energy distributions and fits using a grid of protostellar models},
	author={Furlan, E and Fischer, WJ and Ali, B and Stutz, AM and Stanke, T and Tobin, JJ and Megeath, ST and Osorio, M and Hartmann, L and Calvet, N and others},
	journal={The Astrophysical Journal Supplement Series},
	volume={224},
	number={1},
	pages={5},
	year={2016},
	publisher={IOP Publishing}
}
@article{kounkel2017gould,
	title={THE GOULD’S BELT DISTANCES SURVEY (GOBELINS). II. DISTANCES AND STRUCTURE TOWARD THE ORION MOLECULAR CLOUDS},
	author={Kounkel, Marina and Hartmann, Lee and Loinard, Laurent and Ortiz-Le{\'o}n, Gisela N and Mioduszewski, Amy J and Rodr{\'\i}guez, Luis F and Dzib, Sergio A and Torres, Rosa M and Pech, Gerardo and Galli, Phillip AB and others},
	journal={The Astrophysical Journal},
	volume={834},
	number={2},
	pages={142},
	year={2017},
	publisher={IOP Publishing}
}
@book{schulz2012formation,
	title={The formation and early evolution of stars: from dust to stars and planets},
	author={Schulz, Norbert S},
	year={2012},
	publisher={Springer Science \& Business Media}
}
@article{berne2014iram,
	title={IRAM 30 m Large Scale Survey of 12CO (2-1) and 13CO (2-1) Emission in the Orion Molecular Cloud},
	author={Berne, Olivier and Marcelino, Nuria and Cernicharo, Jose},
	journal={The Astrophysical Journal},
	volume={795},
	number={1},
	pages={13},
	year={2014},
	publisher={IOP Publishing}
}
@article{takahashi2008millimeter,
	title={Millimeter-and Submillimeter-Wave Observations of the OMC-2/3 Region. III. An Extensive Survey for Molecular Outflows},
	author={Takahashi, Satoko and Saito, Masao and Ohashi, Nagayoshi and Kusakabe, Nobuhiko and Takakuwa, Shigehisa and Shimajiri, Yoshito and Tamura, Motohide and Kawabe, Ryohei},
	journal={The Astrophysical Journal},
	volume={688},
	number={1},
	pages={344},
	year={2008},
	publisher={IOP Publishing}
}
@article{hatchell2007star,
	title={Star formation in Perseus-II. SEDs, classification, and lifetimes},
	author={Hatchell, Jennifer and Fuller, GA and Richer, JS and Harries, TJ and Ladd, EF},
	journal={Astronomy \& Astrophysics},
	volume={468},
	number={3},
	pages={1009--1024},
	year={2007},
	publisher={EDP Sciences}
}
@article{van2013outflow,
	title={Outflow forces of low-mass embedded objects in Ophiuchus: a quantitative comparison of analysis methods},
	author={van der Marel, Nienke and Kristensen, Lars E and Visser, Ruud and Mottram, Joseph C and Y{\i}ld{\i}z, Umut A and van Dishoeck, Ewine F},
	journal={Astronomy \& Astrophysics},
	volume={556},
	pages={A76},
	year={2013},
	publisher={EDP Sciences}
}
@article{hogerheijde1998envelope,
	title={Envelope structure on 700 AU scales and the molecular outflows of low-mass young stellar objects},
	author={Hogerheijde, Michiel R and van Dishoeck, Ewine F and Blake, Geoffrey A and van Langevelde, Huib Jan},
	journal={The Astrophysical Journal},
	volume={502},
	number={1},
	pages={315},
	year={1998},
	publisher={IOP Publishing}
}

@article{chini1997dust,
	title={Dust filaments and star formation in OMC-2 and OMC-3},
	author={Chini, R and Reipurth, Bo and Ward-Thompson, D and Bally, J and Nyman, L-{\AA} and Sievers, A and Billawala, Y},
	journal={The Astrophysical Journal Letters},
	volume={474},
	number={2},
	pages={L135},
	year={1997},
	publisher={IOP Publishing}
}

@article{nielbock2003stellar,
	title={The stellar content of OMC 2/3},
	author={Nielbock, Markus and Chini, Rolf and Mueller, Sven AH},
	journal={Astronomy \& Astrophysics},
	volume={408},
	number={1},
	pages={245--256},
	year={2003},
	publisher={EDP Sciences}
}



@article{nakamura2012evidence,
	title={Evidence For Cloud-Cloud Collision and Parsec-Scale Stellar Feedback Within the L1641-N Region},
	author={Nakamura, Fumitaka and Miura, Tomoya and Kitamura, Yoshimi and Shimajiri, Yoshito and Kawabe, Ryohei and Akashi, Toshiya and Ikeda, Norio and Tsukagoshi, Takashi and Momose, Munetake and Nishi, Ryoichi and others},
	journal={The Astrophysical Journal},
	volume={746},
	number={1},
	pages={25},
	year={2012},
	publisher={IOP Publishing}
}
@article{aso2000dense,
	title={Dense cores and molecular outflows in the OMC-2/3 region},
	author={Aso, Yoshiyuki and Tatematsu, Ken’ichi and Sekimoto, Yutaro and Nakano, Takenori and Umemoto, Tomofumi and Koyama, Katsuji and Yamamoto, Satoshi},
	journal={The Astrophysical Journal Supplement Series},
	volume={131},
	number={2},
	pages={465},
	year={2000},
	publisher={IOP Publishing}
}
@article{zhang2005search,
	title={Search for CO outflows toward a sample of 69 high-mass protostellar candidates. II. Outflow properties},
	author={Zhang, Qizhou and Hunter, TR and Brand, J and Sridharan, TK and Cesaroni, R and Molinari, S and Wang, J and Kramer, M},
	journal={The Astrophysical Journal},
	volume={625},
	number={2},
	pages={864},
	year={2005},
	publisher={IOP Publishing}
}